% This file was created with JabRef 2.9.2.
% Encoding: MacRoman

@INPROCEEDINGS{barbivc2004segmenting,
  author = {Barbi{\v{c}}, J. and Safonova, A. and Pan, J.Y. and Faloutsos, C.
	and Hodgins, J.K. and Pollard, N.S.},
  title = {Segmenting motion capture data into distinct behaviors},
  booktitle = {Proceedings of Graphics Interface 2004},
  year = {2004},
  pages = {185--194},
  organization = {Canadian Human-Computer Communications Society}
}

@INPROCEEDINGS{himberg2001time,
  author = {Himberg, J. and Korpiaho, K. and Mannila, H. and Tikanmaki, J. and
	Toivonen, H.T.T.},
  title = {Time series segmentation for context recognition in mobile devices},
  booktitle = {Data Mining, 2001. ICDM 2001, Proceedings IEEE International Conference
	on},
  year = {2001},
  pages = {203--210},
  organization = {IEEE}
}

@ARTICLE{jain1999data,
  author = {Jain, A.K. and Murty, M.N. and Flynn, P.J.},
  title = {Data clustering: a review},
  journal = {ACM computing surveys (CSUR)},
  year = {1999},
  volume = {31},
  pages = {264--323},
  number = {3},
  publisher = {ACM}
}

@INPROCEEDINGS{keogh2001online,
  author = {Keogh, E. and Chu, S. and Hart, D. and Pazzani, M.},
  title = {An online algorithm for segmenting time series},
  booktitle = {Data Mining, 2001. ICDM 2001, Proceedings IEEE International Conference
	on},
  year = {2001},
  pages = {289--296},
  organization = {IEEE}
}

@INPROCEEDINGS{krause2003unsupervised,
  author = {Krause, A. and Siewiorek, D.P. and Smailagic, A. and Farringdon,
	J.},
  title = {Unsupervised, dynamic identification of physiological and activity
	context in wearable computing},
  booktitle = {Proceedings of the 7th IEEE International Symposium on Wearable Computers},
  year = {2003},
  pages = {88},
  organization = {IEEE Computer Society}
}

@INPROCEEDINGS{pelleg2000x,
  author = {Pelleg, D. and Moore, A. and others},
  title = {X-means: Extending k-means with efficient estimation of the number
	of clusters},
  booktitle = {Proceedings of the Seventeenth International Conference on Machine
	Learning},
  year = {2000},
  volume = {1},
  pages = {727--734},
  organization = {San Francisco}
}

@ARTICLE{scholkopf1998nonlinear,
  author = {Sch{\"o}lkopf, B. and Smola, A. and M{\"u}ller, K.R.},
  title = {Nonlinear component analysis as a kernel eigenvalue problem},
  journal = {Neural computation},
  year = {1998},
  volume = {10},
  pages = {1299--1319},
  number = {5},
  publisher = {MIT Press}
}

@INPROCEEDINGS{zhou2008aligned,
  author = {Zhou, F. and Torre, F. and Hodgins, J.K.},
  title = {Aligned cluster analysis for temporal segmentation of human motion},
  booktitle = {Automatic Face \& Gesture Recognition, 2008. FG'08. 8th IEEE International
	Conference on},
  year = {2008},
  pages = {1--7},
  organization = {IEEE}
}

